%%%%%%%%%%%%%%%%%%%%%%%%%%%%%%%%%%%%%%%%%%%%%%%%%%%%%%%%%%%%%%%%%%%%%%%%%%%%%%%%
%%
%% Список литературы
%%
%%%%%%%%%%%%%%%%%%%%%%%%%%%%%%%%%%%%%%%%%%%%%%%%%%%%%%%%%%%%%%%%%%%%%%%%%%%%%%%%

@online{cite-syscalls,
	title = {Часть 5. Системные вызовы},
	organization = {IBM},
	url = {https://www.ibm.com/developerworks/ru/library/l-linux_kernel_05/index.html},
	urldate = {03.05.2018},
	language = {russian},
}

@online{cite-hooking,
	title = {Kmod Hooking library, },
	organization = {GitHub},
	url = {https://github.com/milabs/kmod_hooking/},
	urldate = {03.05.2018},
	language = {english},
}

@online{cite-linux-syscalls,
	title = {Linux syscalls.h, },
	organization = {GitHub},
	url = {https://github.com/torvalds/linux/blob/master/include/linux/syscalls.h},
	urldate = {03.05.2018},
	language = {english},
}

@online{cite-linux-sys,
	title = {Linux sys.c, },
	organization = {GitHub},
	url = {https://github.com/torvalds/linux/blob/master/kernel/sys.c},
	urldate = {03.05.2018},
	language = {english},
}

@online{cite-linux-pid,
	title = {Linux pid.c,},
	organization = {GitHub},
	url = {https://github.com/torvalds/linux/blob/master/kernel/pid.c},
	urldate = {03.05.2018},
	language = {english},
}

@online{cite-pid-alloc,
	title = {PID Allocation in Linux Kernel},
	organization = {Medium Corporation},
	url = {https://medium.com/@gargi_sharma/pid-allocation-in-linux-kernel-dc0c78d14e77},
	urldate = {03.05.2018},
	language = {english},
}

@online{cite-linux-fs-open,
	title = {Linux open.c,},
	organization = {GitHub},
	url = {https://github.com/torvalds/linux/blob/master/fs/open.c},
	urldate = {03.05.2018},
	language = {english},
}

@online{cite-linux,
	title = {Linux,},
	organization = {GitHub},
	url = {https://github.com/torvalds/linux},
	urldate = {03.05.2018},
	language = {english},
}



@book{book-example,
	title={Верификация программ методом Model Checking},
	author={А.М. Миронов},
	url={http://intsys.msu.ru/staff/mironov/modelchk.pdf},
	year={2012},
	language = {russian},
	pages = {84},
}


@ARTICLE{article-example,
	author = {Василий Пупкин and Василиса Пупкина and Пупкинский, В.П.},
	title = {Русская статья},
	journal = {Научно-технические ведомости НИИ ЧАВО},
	year = 2000,
	number = 16,
	pages = {32--64},
	language = {russian},
}

%%%%%%%%%%%%%%%%%%%%%%%%%%%%%%%%%%%%%%%%%%%%%%%%%%%%%%%%%%%%%%%%%%%%%%%%%%%%%%%%
