%%%%%%%%%%%%%%%%%%%%%%%%%%%%%%%%%%%%%%%%%%%%%%%%%%%%%%%%%%%%%%%%%%%%%%%%%%%%%%%%
%%
%% Список литературы
%%
%%%%%%%%%%%%%%%%%%%%%%%%%%%%%%%%%%%%%%%%%%%%%%%%%%%%%%%%%%%%%%%%%%%%%%%%%%%%%%%%

@online{cite-best-thread-count,
	title = {Setting Ideal size of Thread Pool},
	organization = {Stackoverflow},
	url = {https://stackoverflow.com/questions/16128436/setting-ideal-size-of-thread-pool},
	urldate = {29.04.2018},
	language = {english},
}

@online{cite-tree-traversal-mpi,
	title = {Parallelize n-ary tree traversal using MPI},
	organization = {Stackoverflow},
	url = {https://stackoverflow.com/questions/20378239/parallelize-n-ary-tree-traversal-using-mpi},
	urldate = {29.04.2018},
	language = {english},
}

@online{cite-mpi,
	title = {Лекция 5. Технологии параллельного программирования. Message Passing Interface (MPI)},
	organization = {Parallel.ru},
	url = {https://parallel.ru/vvv/mpi.html},
	urldate = {29.04.2018},
	language = {russian},
}





@book{book-example,
	title={Верификация программ методом Model Checking},
	author={А.М. Миронов},
	url={http://intsys.msu.ru/staff/mironov/modelchk.pdf},
	year={2012},
	language = {russian},
	pages = {84},
}


@ARTICLE{article-example,
	author = {Василий Пупкин and Василиса Пупкина and Пупкинский, В.П.},
	title = {Русская статья},
	journal = {Научно-технические ведомости НИИ ЧАВО},
	year = 2000,
	number = 16,
	pages = {32--64},
	language = {russian},
}

%%%%%%%%%%%%%%%%%%%%%%%%%%%%%%%%%%%%%%%%%%%%%%%%%%%%%%%%%%%%%%%%%%%%%%%%%%%%%%%%
