%%%%%%%%%%%%%%%%%%%%%%%%%%%%%%%%%%%%%%%%%%%%%%%%%%%%%%%%%%%%%%%%%%%%%%%%%%%%%%%%
%%
%% Список литературы
%%
%%%%%%%%%%%%%%%%%%%%%%%%%%%%%%%%%%%%%%%%%%%%%%%%%%%%%%%%%%%%%%%%%%%%%%%%%%%%%%%%
%@ARTICLE{russian,
 % author = {Филлипс Д. and Гарсиа-Диас А. },
  %title = {Методы анализа сетей: Пер. с англ. — М.: Мир, 1984.—496 с, ил.},
  %journal = {Научно-технические ведомости НИИ ЧАВО},
  %%year = 2000,
  %number = 16,
  %pages = {32--64},
  %language = {russian},
%}

@ARTICLE{Ren,
  author = {Ren and Yu },
  title = {The methodology of flowgraph models. PhD thesis, The London School of Economics and Political Science (LSE).},
  year=2011,
  language = {russian},
}
@ARTICLE{phill,
  author = {Филлипс Д. and Гарсиа-Диас А. },
  title = {Методы анализа сетей: Пер. с англ. — М.: Мир, 1984.—496 с, ил.},
  language = {russian},
}

@book{exit,
	title={exit -- terminate process},
	url={http://man.cat-v.org/unix-1st/2/sys-exit},
	urldate = {2018-04-08},
	language = {russian}
}




@online{cite-cis,
	title = {Академия Cisco},
	organization = {Cisco},
	url = {https://www.netacad.com/ru/courses/packet-tracer},
	urldate = {07.06.2018},
	language = {russian},
}

@online{cite-vm,
	title = {VMware Workstation},
	organization = {VMware},
	url = {https://www.vmware.com/ru/products/workstation-pro.html},
	urldate = {07.06.2018},
	language = {russian},
}




%%%%%%%%%%%%%%%%%%%%%%%%%%%%%%%%%%%%%%%%%%%%%%%%%%%%%%%%%%%%%%%%%%%%%%%%%%%%%%%%
